% R-INLA book.
@book{rinla,
  title={Spatial and Spatio-temporal Bayesian Models with {R-INLA}},
  author={Blangiardo, Marta and Cameletti, Michela},
  year={2015},
  publisher={Wiley},
},


% Original INLA paper and point process followup.
@article{rueetal,
  title={Approximate Bayesian inference for latent Gaussian models by using integrated nested Laplace approximations},
  author={Rue, H{\aa}vard and Martino, Sara and Chopin, Nicolas},
  journal={Journal of the royal statistical society: Series b (statistical methodology)},
  volume={71},
  number={2},
  pages={319--392},
  year={2009},
},

@article{illianetal,
  title={A toolbox for fitting complex spatial point process models using integrated nested Laplace approximation (INLA)},
  author={Illian, Janine B and S{\o}rbye, Sigrunn H and Rue, H{\aa}vard},
  journal={The Annals of Applied Statistics},
  pages={1499--1530},
  year={2012},
},

@article{simpsonetal,
  title={Going off grid: Computationally efficient inference for log-Gaussian Cox processes},
  author={Simpson, Daniel and Illian, Janine B and Lindgren, Finn and S{\o}rbye, Sigrunn H and Rue, Havard},
  journal={Biometrika},
  volume={103},
  number={1},
  pages={49--70},
  year={2016},
},


% Papers citing the original INLA paper.
@article{banerjeegelfandfinley,
  title={Gaussian predictive process models for large spatial data sets},
  author={Banerjee, Sudipto and Gelfand, Alan E and Finley, Andrew O and Sang, Huiyan},
  journal={Journal of the Royal Statistical Society: Series B (Statistical Methodology)},
  volume={70},
  number={4},
  pages={825--848},
  year={2008},
},

@article{andrieudoucetholenstein,
  title={Particle markov chain monte carlo methods},
  author={Andrieu, Christophe and Doucet, Arnaud and Holenstein, Roman},
  journal={Journal of the Royal Statistical Society: Series B (Statistical Methodology)},
  volume={72},
  number={3},
  pages={269--342},
  year={2010},
},

@article{girolamicalderhead,
  title={Riemann manifold langevin and hamiltonian monte carlo methods},
  author={Girolami, Mark and Calderhead, Ben},
  journal={Journal of the Royal Statistical Society: Series B (Statistical Methodology)},
  volume={73},
  number={2},
  pages={123--214},
  year={2011},
},

@article{marinetal,
  title={Approximate Bayesian computational methods},
  author={Marin, Jean-Michel and Pudlo, Pierre and Robert, Christian P and Ryder, Robin J},
  journal={Statistics and Computing},
  volume={22},
  number={6},
  pages={1167--1180},
  year={2012},
},

@article{murrayadamsmackayl,
  title={Elliptical slice sampling},
  author={Murray, Iain and Adams, Ryan Prescott and MacKay, David JC},
  year={2010},
},

@article{bagchietal,
  title={Pathogens and insect herbivores drive rainforest plant diversity and composition},
  author={Bagchi, Robert and Gallery, Rachel E and Gripenberg, Sofia and Gurr, Sarah J and Narayan, Lakshmi and Addis, Claire E and Freckleton, Robert P and Lewis, Owen T},
  journal={Nature},
  volume={506},
  number={7486},
  pages={85},
  year={2014},
},

@article{digglemenezessu,
  title={Geostatistical inference under preferential sampling},
  author={Diggle, Peter J and Menezes, Raquel and Su, Ting-li},
  journal={Journal of the Royal Statistical Society: Series C (Applied Statistics)},
  volume={59},
  number={2},
  pages={191--232},
  year={2010},
},

@article{schroedleheld,
  title={Spatio-temporal disease mapping using INLA},
  author={Schr{\"o}dle, Birgit and Held, Leonhard},
  journal={Environmetrics},
  volume={22},
  number={6},
  pages={725--734},
  year={2011},
},

@article{milleretal,
  title={Spatial models for distance sampling data: recent developments and future directions},
  author={Miller, David L and Burt, M Louise and Rexstad, Eric A and Thomas, Len},
  journal={Methods in Ecology and Evolution},
  volume={4},
  number={11},
  pages={1001--1010},
  year={2013},
},

@article{wangblei,
  title={Variational inference in nonconjugate models},
  author={Wang, Chong and Blei, David M},
  journal={Journal of Machine Learning Research},
  year={2013},
  volume={14},
  number={Apr},
  pages={1005--1031},
},

@article{lindgrenetal,
  title={An explicit link between Gaussian fields and Gaussian Markov random fields: the stochastic partial differential equation approach},
  author={Lindgren, Finn and Rue, H{\aa}vard and Lindstr{\"o}m, Johan},
  journal={Journal of the Royal Statistical Society: Series B (Statistical Methodology)},
  volume={73},
  number={4},
  pages={423--498},
  year={2011},
},

@article{camelettilindgrensimpsonrue,
  title={Spatio-temporal modeling of particulate matter concentration through the {SPDE} approach},
  author={Cameletti, Michela and Lindgren, Finn and Simpson, Daniel and Rue, H{\aa}vard},
  journal={AStA Advances in Statistical Analysis},
  volume={97},
  number={2},
  pages={109--131},
  year={2013},
},

@article{martinssimpsonlingrenrue,
  title={Bayesian computing with INLA: new features},
  author={Martins, Thiago G and Simpson, Daniel and Lindgren, Finn and Rue, H{\aa}vard},
  journal={Computational Statistics \& Data Analysis},
  volume={67},
  pages={68--83},
  year={2013},
},

@article{nooretal,
  title={The changing risk of Plasmodium falciparum malaria infection in Africa: 2000--10: a spatial and temporal analysis of transmission intensity},
  author={Noor, Abdisalan M and Kinyoki, Damaris K and Mundia, Clara W and Kabaria, Caroline W and Mutua, Jonesmus W and Alegana, Victor A and Fall, Ibrahima Soc{\'e} and Snow, Robert W},
  journal={The Lancet},
  volume={383},
  number={9930},
  pages={1739--1747},
  year={2014},
},

@article{fongruewakefield,
  title={Bayesian inference for generalized linear mixed models},
  author={Fong, Youyi and Rue, H{\aa}vard and Wakefield, Jon},
  journal={Biostatistics},
  volume={11},
  number={3},
  pages={397--412},
  year={2010},
},

@article{scottetal,
  title={Bayes and big data: The consensus Monte Carlo algorithm},
  author={Scott, Steven L and Blocker, Alexander W and Bonassi, Fernando V and Chipman, Hugh A and George, Edward I and McCulloch, Robert E},
  journal={International Journal of Management Science and Engineering Management},
  volume={11},
  number={2},
  pages={78--88},
  year={2016},
},


% Other relevant books and papers.
@article{brixmoeller,
  title = {Space-time Multi Type Log Gaussian Cox Processes with a View to Modelling Weeds},
  author = {Brix, Anders and M{\o}ller, Jesper},
  journal = {Scandinavian Journal of Statistics},
  volume = {28},
  number = {3},
  pages = {471--488},
  year = {2001},
},

% Software and data sources
@article{spatstat,
  title={{Spatstat}: An {R} package for analyzing spatial point patterns},
  author={Adrian Baddeley and Rolf Turner},
  journal={Journal of Statistical Software},
  year={2005},
  volume={12},
  number={6},
  pages={1--42},
},

@article{moellerwaagepetersen,
  title={Modern spatial point process modelling and inference},
  author={M{\o}ller, J and Waagepetersen, RP},
  journal={Scandinavian Journal of Statistics},
  volume={34},
  pages={643--711},
  year={2007},
},

@article{chakrabortyetal,
  title={Point pattern modelling for degraded presence-only data over large regions},
  author={Chakraborty, Avishek and Gelfand, Alan E and Wilson, Adam M and Latimer, Andrew M and Silander, John A},
  journal={Journal of the Royal Statistical Society: Series C (Applied Statistics)},
  volume={60},
  number={5},
  pages={757--776},
  year={2011},
},

