% Spatial sampling design.

@article{diggle,
  title={Bayesian geostatistical design},
  author={Diggle, Peter and Lophaven, S{\o}ren},
  journal={Scandinavian Journal of Statistics},
  volume={33},
  number={1},
  pages={53--64},
  year={2006},
},

@article{lark,
  title={Multi-objective optimization of spatial sampling},
  author={Lark, RM},
  journal={Spatial Statistics},
  volume={18},
  pages={412--430},
  year={2016},
},

@article{chipetaetal2016,
  title={Adaptive geostatistical design and analysis for prevalence surveys},
  author={Chipeta, Michael G and Terlouw, Dianne J and Phiri, Kamija S and Diggle, Peter J},
  journal={Spatial Statistics},
  volume={15},
  pages={70--84},
  year={2016},
},

@article{chipetaetal2017,
  title={Inhibitory geostatistical designs for spatial prediction taking account of uncertain covariance structure},
  author={Chipeta, Michael and Terlouw, Dianne and Phiri, Kamija and Diggle, Peter},
  journal={Environmetrics},
  volume={28},
  number={1},
  year={2017},
},


@article{liuvanhatalo,
  title={Bayesian model based spatiotemporal survey designs and partially observed log {G}aussian {C}ox process},
  author={Liu, Jia and Vanhatalo, Jarno},
  journal={Spatial statistics},
  volume={35},
  pages={100392},
  year={2020},
  publisher={Elsevier}
},

@book{gramacybook,
  title={Surrogates: {G}aussian Process Modeling, Design and Optimization for the Applied Sciences},
  author={Robert B. Gramacy},
  publisher={Chapman Hall/CRC},
  address={Boca Raton, Florida},
  url={http://bobby.gramacy.com/surrogates/},
  year={2020},
},

@book{sagan,
  title={Space-filling curves},
  author={Sagan, Hans},
  year={1994},
  publisher={Springer}
},

% INLA refernces.

@book{rinla,
  title={Spatial and Spatio-temporal Bayesian Models with {R-INLA}},
  author={Blangiardo, Marta and Cameletti, Michela},
  year={2015},
  publisher={Wiley},
},

@article{rueetal,
  title={Approximate Bayesian inference for latent Gaussian models by using integrated nested Laplace approximations},
  author={Rue, H{\aa}vard and Martino, Sara and Chopin, Nicolas},
  journal={Journal of the royal statistical society: Series b (statistical methodology)},
  volume={71},
  number={2},
  pages={319--392},
  year={2009},
},

@article{illianetal,
  title={A toolbox for fitting complex spatial point process models using integrated nested Laplace approximation (INLA)},
  author={Illian, Janine B and S{\o}rbye, Sigrunn H and Rue, H{\aa}vard},
  journal={The Annals of Applied Statistics},
  pages={1499--1530},
  year={2012},
},

@article{simpsonetal,
  title={Going off grid: Computationally efficient inference for log-Gaussian Cox processes},
  author={Simpson, Daniel and Illian, Janine B and Lindgren, Finn and S{\o}rbye, Sigrunn H and Rue, Havard},
  journal={Biometrika},
  volume={103},
  number={1},
  pages={49--70},
  year={2016},
},

@article{lindgrenetal,
  title={An explicit link between Gaussian fields and Gaussian Markov random fields: the stochastic partial differential equation approach},
  author={Lindgren, Finn and Rue, H{\aa}vard and Lindstr{\"o}m, Johan},
  journal={Journal of the Royal Statistical Society: Series B (Statistical Methodology)},
  volume={73},
  number={4},
  pages={423--498},
  year={2011},
},

@article{yuanetal,
  title={Point process models for spatio-temporal distance sampling data from a large-scale survey of blue whales},
  author={Yuan, Yuan and Bachl, Fabian E and Lindgren, Finn and Borchers, David L and Illian, Janine B and Buckland, Stephen T and Rue, Haavard and Gerrodette, Tim and others},
  journal={The Annals of Applied Statistics},
  volume={11},
  number={4},
  pages={2270--2297},
  year={2017},
},

@article{martinssimpsonlingrenrue,
  title={Bayesian computing with INLA: new features},
  author={Martins, Thiago G and Simpson, Daniel and Lindgren, Finn and Rue, H{\aa}vard},
  journal={Computational Statistics \& Data Analysis},
  volume={67},
  pages={68--83},
  year={2013},
},


% Assorted point process books and papers.

@article{brixmoeller,
  title = {Space-time Multi Type Log Gaussian Cox Processes with a View to Modelling Weeds},
  author = {Brix, Anders and M{\o}ller, Jesper},
  journal = {Scandinavian Journal of Statistics},
  volume = {28},
  number = {3},
  pages = {471--488},
  year = {2001},
},

@article{chakrabortyetal,
  title={Point pattern modelling for degraded presence-only data over large regions},
  author={Chakraborty, Avishek and Gelfand, Alan E and Wilson, Adam M and Latimer, Andrew M and Silander, John A},
  journal={Journal of the Royal Statistical Society: Series C (Applied Statistics)},
  volume={60},
  number={5},
  pages={757--776},
  year={2011},
},

@article{moellerwaagepetersen,
  title={Modern spatial point process modelling and inference},
  author={M{\o}ller, J and Waagepetersen, RP},
  journal={Scandinavian Journal of Statistics},
  volume={34},
  pages={643--711},
  year={2007},
},


% Miscellaneous
@article{mckenzie,
  title={An autoregressive process for beta random variables},
  author={McKenzie, Ed},
  journal={Management Science},
  volume={31},
  number={8},
  pages={988--997},
  year={1985},
},


% Software and data sources
@article{spatstat,
  title={{Spatstat}: An {R} package for analyzing spatial point patterns},
  author={Adrian Baddeley and Rolf Turner},
  journal={Journal of Statistical Software},
  year={2005},
  volume={12},
  number={6},
  pages={1--42},
},

@manual{dspat,
  title={DSpat: Spatial Modelling for Distance Sampling Data},
  author={Devin Johnson and Jeff Laake and Jay VerHoef},
  year={2014},
  note={R package version 0.1.6},
  url={https://CRAN.R-project.org/package=DSpat},
},

